@book{mcelreath2018statistical,
  title={Statistical rethinking: A Bayesian course with examples in R and Stan},
  author={McElreath, Richard},
  year={2018},
  publisher={Chapman and Hall/CRC}
}

@article{erickson2023modeling,
  title={Modeling the distribution of headwater streams using topoclimatic indices, remote sensing and machine learning.},
  author={Erickson, Joshua L and Holden, Zachary A and Efta, James A},
  journal={Journal of Hydrology X},
  volume={21},
  pages={100165},
  year={2023},
  publisher={Elsevier}
}

@article{blodgett2018nhdplustools,
  title={nhdplusTools: Tools for Accessing and Working with the NHDPlus},
  author={Blodgett, D and Johnson, J},
  journal={Avaiable from https://code. usgs. gov/water/nhdplusTools},
  year={2018}
}


@book{james2013introduction,
  title={An introduction to statistical learning},
  author={James, Gareth and Witten, Daniela and Hastie, Trevor and Tibshirani, Robert and others},
  volume={112},
  year={2013},
  publisher={Springer}
}
